@inproceedings{DBLP:journals/corr/BahdanauCB14,
  author    = {Dzmitry Bahdanau and
               Kyunghyun Cho and
               Yoshua Bengio},
  title     = {Neural Machine Translation by Jointly Learning to Align and Translate},
  booktitle = {3rd International Conference on Learning Representations, {ICLR} 2015,
               San Diego, CA, USA, May 7-9, 2015, Conference Track Proceedings},
  year      = {2015},
  timestamp = {Wed, 17 Jul 2019 10:40:54 +0200},
}

@inproceedings{DBLP:conf/osdi/AbadiBCCDDDGIIK16,
  author    = {Mart{\'{\i}}n Abadi and
               Paul Barham and
               Jianmin Chen and
               Zhifeng Chen and
               Andy Davis and
               Jeffrey Dean and
               Matthieu Devin and
               Sanjay Ghemawat and
               Geoffrey Irving and
               Michael Isard and
               Manjunath Kudlur and
               Josh Levenberg and
               Rajat Monga and
               Sherry Moore and
               Derek Gordon Murray and
               Benoit Steiner and
               Paul A. Tucker and
               Vijay Vasudevan and
               Pete Warden and
               Martin Wicke and
               Yuan Yu and
               Xiaoqiang Zheng},
  title     = {TensorFlow: {A} System for Large-Scale Machine Learning},
  booktitle = {12th {USENIX} Symposium on Operating Systems Design and Implementation,
               {OSDI} 2016, Savannah, GA, USA, November 2-4, 2016.},
  pages     = {265--283},
  year      = {2016},
  timestamp = {Mon, 07 Nov 2016 14:38:04 +0100},
}

@inproceedings{Gardner2017AllenNLP,
  title={AllenNLP: A Deep Semantic Natural Language Processing Platform},
  author={Matt Gardner and Joel Grus and Mark Neumann and Oyvind Tafjord
    and Pradeep Dasigi and Nelson F. Liu and Matthew Peters and
    Michael Schmitz and Luke S. Zettlemoyer},
  year={2017},
  Eprint = {arXiv:1803.07640},
}

@article{DBLP:journals/corr/KingmaB14,
  author    = {Diederik P. Kingma and
               Jimmy Ba},
  title     = {Adam: {A} Method for Stochastic Optimization},
  journal   = {CoRR},
  volume    = {abs/1412.6980},
  year      = {2014},
  archivePrefix = {arXiv},
  timestamp = {Wed, 07 Jun 2017 14:40:52 +0200},
}

@inproceedings{DBLP:conf/coling/ZhouHZ18,
  author    = {Mantong Zhou and
               Minlie Huang and
               Xiaoyan Zhu},
  title     = {An Interpretable Reasoning Network for Multi-Relation Question Answering},
  booktitle = {Proceedings of the 27th International Conference on Computational
               Linguistics, {COLING} 2018, Santa Fe, New Mexico, USA, August 20-26,
               2018},
  pages     = {2010--2022},
  year      = {2018},
  timestamp = {Mon, 19 Aug 2019 18:13:43 +0200},
}

@inproceedings{DBLP:conf/acl/YihCHG15,
  author    = {Wen{-}tau Yih and
               Ming{-}Wei Chang and
               Xiaodong He and
               Jianfeng Gao},
  title     = {Semantic Parsing via Staged Query Graph Generation: Question Answering
               with Knowledge Base},
  booktitle = {Proceedings of the 53rd Annual Meeting of the Association for Computational
               Linguistics and the 7th International Joint Conference on Natural
               Language Processing of the Asian Federation of Natural Language Processing,
               {ACL} 2015, July 26-31, 2015, Beijing, China, Volume 1: Long Papers},
  pages     = {1321--1331},
  year      = {2015},
  timestamp = {Mon, 19 Aug 2019 18:10:00 +0200},
}

@article{DBLP:journals/corr/abs-1807-09623,
  author    = {Alon Talmor and
               Jonathan Berant},
  title     = {Repartitioning of the ComplexWebQuestions Dataset},
  journal   = {CoRR},
  volume    = {abs/1807.09623},
  year      = {2018},
  url       = {http://arxiv.org/abs/1807.09623},
  archivePrefix = {arXiv},
  eprint    = {1807.09623},
  timestamp = {Mon, 13 Aug 2018 16:47:50 +0200},
}


@inproceedings{DBLP:conf/emnlp/SunDZMSC18,
  author    = {Haitian Sun and
               Bhuwan Dhingra and
               Manzil Zaheer and
               Kathryn Mazaitis and
               Ruslan Salakhutdinov and
               William W. Cohen},
  title     = {Open Domain Question Answering Using Early Fusion of Knowledge Bases
               and Text},
  booktitle = {Proceedings of the 2018 Conference on Empirical Methods in Natural
               Language Processing, Brussels, Belgium, October 31 - November 4, 2018},
  pages     = {4231--4242},
  year      = {2018},
  timestamp = {Tue, 20 Aug 2019 11:59:37 +0200},
}

@misc{freebase:datadumps,
  title = "Freebase Data Dumps",
  author = "Google",
  howpublished = "\url{https://developers.google.com/freebase/data}",
  edition = "<month> <day>, <year>",
  year = "2013"
}

@inproceedings{DBLP:conf/nips/BordesUGWY13,
  author    = {Antoine Bordes and
               Nicolas Usunier and
               Alberto Garc{\'{\i}}a{-}Dur{\'{a}}n and
               Jason Weston and
               Oksana Yakhnenko},
  title     = {Translating Embeddings for Modeling Multi-relational Data},
  booktitle = {Advances in Neural Information Processing Systems 26: 27th Annual
               Conference on Neural Information Processing Systems 2013. Proceedings
               of a meeting held December 5-8, 2013, Lake Tahoe, Nevada, United States.},
  pages     = {2787--2795},
  year      = {2013},
  timestamp = {Fri, 31 Jan 2014 12:11:40 +0100},
}

@article{DBLP:journals/corr/TrouillonN17,
  author    = {Th{\'{e}}o Trouillon and
               Maximilian Nickel},
  title     = {Complex and Holographic Embeddings of Knowledge Graphs: {A} Comparison},
  journal   = {CoRR},
  volume    = {abs/1707.01475},
  year      = {2017},
  url       = {http://arxiv.org/abs/1707.01475},
  archivePrefix = {arXiv},
  eprint    = {1707.01475},
  timestamp = {Mon, 13 Aug 2018 16:46:13 +0200},
  biburl    = {https://dblp.org/rec/bib/journals/corr/TrouillonN17},
  bibsource = {dblp computer science bibliography, https://dblp.org}
}


@article{DBLP:journals/corr/abs-1301-3781,
  author    = {Tomas Mikolov and
               Kai Chen and
               Greg Corrado and
               Jeffrey Dean},
  title     = {Efficient Estimation of Word Representations in Vector Space},
  journal   = {CoRR},
  volume    = {abs/1301.3781},
  year      = {2013},
  archivePrefix = {arXiv},
  timestamp = {Wed, 07 Jun 2017 14:42:25 +0200},
}

@inproceedings{DBLP:conf/naacl/ChenCCNK19,
  author    = {Zi{-}Yuan Chen and
               Chih{-}Hung Chang and
               Yi{-}Pei Chen and
               Jijnasa Nayak and
               Lun{-}Wei Ku},
  title     = {UHop: An Unrestricted-Hop Relation Extraction Framework for Knowledge-Based
               Question Answering},
  booktitle = {Proceedings of the 2019 Conference of the North American Chapter of
               the Association for Computational Linguistics: Human Language Technologies,
               {NAACL-HLT} 2019, Minneapolis, MN, USA, June 2-7, 2019, Volume 1 (Long
               and Short Papers)},
  pages     = {345--356},
  year      = {2019},
  timestamp = {Mon, 19 Aug 2019 18:12:46 +0200},
}

@inproceedings{DBLP:conf/emnlp/MillerFDKBW16,
  author    = {Alexander H. Miller and
               Adam Fisch and
               Jesse Dodge and
               Amir{-}Hossein Karimi and
               Antoine Bordes and
               Jason Weston},
  title     = {Key-Value Memory Networks for Directly Reading Documents},
  booktitle = {Proceedings of the 2016 Conference on Empirical Methods in Natural
               Language Processing, {EMNLP} 2016, Austin, Texas, USA, November 1-4,
               2016},
  pages     = {1400--1409},
  year      = {2016},
  timestamp = {Mon, 19 Aug 2019 18:11:07 +0200},
}

@inproceedings{DBLP:conf/acl/YuYHSXZ17,
  author    = {Mo Yu and
               Wenpeng Yin and
               Kazi Saidul Hasan and
               C{\'{\i}}cero Nogueira dos Santos and
               Bing Xiang and
               Bowen Zhou},
  title     = {Improved Neural Relation Detection for Knowledge Base Question Answering},
  booktitle = {Proceedings of the 55th Annual Meeting of the Association for Computational
               Linguistics, {ACL} 2017, Vancouver, Canada, July 30 - August 4, Volume
               1: Long Papers},
  pages     = {571--581},
  year      = {2017},
  timestamp = {Tue, 20 Aug 2019 11:59:29 +0200},
}

@article{DBLP:journals/corr/abs-1801-09893,
  author    = {Hongzhi Zhang and
               Guandong Xu and
               Xiao Liang and
               Tinglei Huang and
               Kun Fu},
  title     = {An Attention-Based Word-Level Interaction Model: Relation Detection
               for Knowledge Base Question Answering},
  journal   = {CoRR},
  volume    = {abs/1801.09893},
  year      = {2018},
  archivePrefix = {arXiv},
  eprint    = {1801.09893},
  timestamp = {Mon, 13 Aug 2018 16:46:55 +0200},
}

@inproceedings{DBLP:conf/ijcai/LanW019,
  author    = {Yunshi Lan and
               Shuohang Wang and
               Jing Jiang},
  title     = {Knowledge Base Question Answering with Topic Units},
  booktitle = {Proceedings of the Twenty-Eighth International Joint Conference on
               Artificial Intelligence, {IJCAI} 2019, Macao, China, August 10-16,
               2019},
  pages     = {5046--5052},
  year      = {2019},
  timestamp = {Tue, 20 Aug 2019 16:18:18 +0200},
}

@article{DBLP:journals/corr/YangC16a,
  author    = {Yi Yang and
               Ming{-}Wei Chang},
  title     = {{S-MART:} Novel Tree-based Structured Learning Algorithms Applied
               to Tweet Entity Linking},
  journal   = {CoRR},
  volume    = {abs/1609.08075},
  year      = {2016},
  archivePrefix = {arXiv},
  eprint    = {1609.08075},
  timestamp = {Mon, 13 Aug 2018 16:48:19 +0200},
}
@inproceedings{DBLP:conf/acl/XuRFHZ16,
  author    = {Kun Xu and
               Siva Reddy and
               Yansong Feng and
               Songfang Huang and
               Dongyan Zhao},
  title     = {Question Answering on Freebase via Relation Extraction and Textual
               Evidence},
  booktitle = {Proceedings of the 54th Annual Meeting of the Association for Computational
               Linguistics, {ACL} 2016, August 7-12, 2016, Berlin, Germany, Volume
               1: Long Papers},
  year      = {2016},
  timestamp = {Mon, 19 Aug 2019 18:09:13 +0200},
}
@inproceedings{DBLP:conf/emnlp/DongMRL17,
  author    = {Li Dong and
               Jonathan Mallinson and
               Siva Reddy and
               Mirella Lapata},
  title     = {Learning to Paraphrase for Question Answering},
  booktitle = {Proceedings of the 2017 Conference on Empirical Methods in Natural
               Language Processing, {EMNLP} 2017, Copenhagen, Denmark, September
               9-11, 2017},
  pages     = {875--886},
  year      = {2017},
  timestamp = {Tue, 20 Aug 2019 11:59:59 +0200},
}
@inproceedings{DBLP:conf/acl/HaoZLHLWZ17,
  author    = {Yanchao Hao and
               Yuanzhe Zhang and
               Kang Liu and
               Shizhu He and
               Zhanyi Liu and
               Hua Wu and
               Jun Zhao},
  title     = {An End-to-End Model for Question Answering over Knowledge Base with
               Cross-Attention Combining Global Knowledge},
  booktitle = {Proceedings of the 55th Annual Meeting of the Association for Computational
               Linguistics, {ACL} 2017, Vancouver, Canada, July 30 - August 4, Volume
               1: Long Papers},
  pages     = {221--231},
  year      = {2017},
  timestamp = {Tue, 20 Aug 2019 11:59:04 +0200},
}
@inproceedings{DBLP:conf/acl/YaoD14,
  author    = {Xuchen Yao and
               Benjamin Van Durme},
  title     = {Information Extraction over Structured Data: Question Answering with
               Freebase},
  booktitle = {Proceedings of the 52nd Annual Meeting of the Association for Computational
               Linguistics, {ACL} 2014, June 22-27, 2014, Baltimore, MD, USA, Volume
               1: Long Papers},
  pages     = {956--966},
  year      = {2014},
  timestamp = {Mon, 19 Aug 2019 18:08:48 +0200},
}
@article{DBLP:journals/corr/BordesUCW15,
  author    = {Antoine Bordes and
               Nicolas Usunier and
               Sumit Chopra and
               Jason Weston},
  title     = {Large-scale Simple Question Answering with Memory Networks},
  journal   = {CoRR},
  volume    = {abs/1506.02075},
  year      = {2015},
  archivePrefix = {arXiv},
  eprint    = {1506.02075},
  timestamp = {Mon, 13 Aug 2018 16:48:15 +0200},
}
@inproceedings{DBLP:conf/emnlp/LaoMC11,
  author    = {Ni Lao and
               Tom M. Mitchell and
               William W. Cohen},
  title     = {Random Walk Inference and Learning in {A} Large Scale Knowledge Base},
  booktitle = {Proceedings of the 2011 Conference on Empirical Methods in Natural
               Language Processing, {EMNLP} 2011, 27-31 July 2011, John McIntyre
               Conference Centre, Edinburgh, UK, {A} meeting of SIGDAT, a Special
               Interest Group of the {ACL}},
  pages     = {529--539},
  year      = {2011},
  timestamp = {Mon, 19 Aug 2019 18:10:34 +0200},
}
@inproceedings{DBLP:conf/emnlp/GardnerTKM13,
  author    = {Matt Gardner and
               Partha Pratim Talukdar and
               Bryan Kisiel and
               Tom M. Mitchell},
  title     = {Improving Learning and Inference in a Large Knowledge-Base using Latent
               Syntactic Cues},
  booktitle = {Proceedings of the 2013 Conference on Empirical Methods in Natural
               Language Processing, {EMNLP} 2013, 18-21 October 2013, Grand Hyatt
               Seattle, Seattle, Washington, USA, {A} meeting of SIGDAT, a Special
               Interest Group of the {ACL}},
  pages     = {833--838},
  year      = {2013},
  timestamp = {Mon, 19 Aug 2019 18:11:02 +0200},
}
@inproceedings{DBLP:conf/emnlp/XiongHW17,
  author    = {Wenhan Xiong and
               Thien Hoang and
               William Yang Wang},
  title     = {DeepPath: {A} Reinforcement Learning Method for Knowledge Graph Reasoning},
  booktitle = {Proceedings of the 2017 Conference on Empirical Methods in Natural
               Language Processing, {EMNLP} 2017, Copenhagen, Denmark, September
               9-11, 2017},
  pages     = {564--573},
  year      = {2017},
  timestamp = {Tue, 20 Aug 2019 11:59:52 +0200},
}
@inproceedings{DBLP:conf/naacl/XuLFW19,
  author    = {Kun Xu and
               Yuxuan Lai and
               Yansong Feng and
               Zhiguo Wang},
  title     = {Enhancing Key-Value Memory Neural Networks for Knowledge Based Question
               Answering},
  booktitle = {Proceedings of the 2019 Conference of the North American Chapter of
               the Association for Computational Linguistics: Human Language Technologies,
               {NAACL-HLT} 2019, Minneapolis, MN, USA, June 2-7, 2019, Volume 1 (Long
               and Short Papers)},
  pages     = {2937--2947},
  year      = {2019},
  timestamp = {Mon, 19 Aug 2019 18:13:23 +0200},
}
@inproceedings{DBLP:conf/acl/DongWZX15,
  author    = {Li Dong and
               Furu Wei and
               Ming Zhou and
               Ke Xu},
  title     = {Question Answering over Freebase with Multi-Column Convolutional Neural
               Networks},
  booktitle = {Proceedings of the 53rd Annual Meeting of the Association for Computational
               Linguistics and the 7th International Joint Conference on Natural
               Language Processing of the Asian Federation of Natural Language Processing,
               {ACL} 2015, July 26-31, 2015, Beijing, China, Volume 1: Long Papers},
  pages     = {260--269},
  year      = {2015},
  timestamp = {Mon, 19 Aug 2019 18:10:00 +0200},
}
@inproceedings{DBLP:conf/cikm/BastH15,
  author    = {Hannah Bast and
               Elmar Haussmann},
  title     = {More Accurate Question Answering on Freebase},
  booktitle = {Proceedings of the 24th {ACM} International Conference on Information
               and Knowledge Management, {CIKM} 2015, Melbourne, VIC, Australia,
               October 19 - 23, 2015},
  pages     = {1431--1440},
  year      = {2015},
  timestamp = {Tue, 16 Apr 2019 17:19:28 +0200},
}
@inproceedings{DBLP:conf/coling/YinYXZS16,
  author    = {Wenpeng Yin and
               Mo Yu and
               Bing Xiang and
               Bowen Zhou and
               Hinrich Sch{\"{u}}tze},
  title     = {Simple Question Answering by Attentive Convolutional Neural Network},
  booktitle = {{COLING} 2016, 26th International Conference on Computational Linguistics,
               Proceedings of the Conference: Technical Papers, December 11-16, 2016,
               Osaka, Japan},
  pages     = {1746--1756},
  year      = {2016},
  timestamp = {Tue, 20 Aug 2019 13:23:49 +0200},
}
@inproceedings{DBLP:conf/adbis/YuHYZW18,
  author    = {Yang Yu and
               Kazi Saidul Hasan and
               Mo Yu and
               Wei Zhang and
               Zhiguo Wang},
  title     = {Knowledge Base Relation Detection via Multi-View Matching},
  booktitle = {New Trends in Databases and Information Systems - {ADBIS} 2018 Short
               Papers and Workshops, AI*QA, BIGPMED, CSACDB, M2U, BigDataMAPS, ISTREND,
               DC, Budapest, Hungary, September, 2-5, 2018, Proceedings},
  pages     = {286--294},
  year      = {2018},
  timestamp = {Mon, 03 Sep 2018 16:58:55 +0200},
}


@inproceedings{DBLP:conf/www/AbujabalYRW17,
  author    = {Abdalghani Abujabal and
               Mohamed Yahya and
               Mirek Riedewald and
               Gerhard Weikum},
  title     = {Automated Template Generation for Question Answering over Knowledge
               Graphs},
  booktitle = {Proceedings of the 26th International Conference on World Wide Web,
               {WWW} 2017, Perth, Australia, April 3-7, 2017},
  pages     = {1191--1200},
  year      = {2017},
  timestamp = {Tue, 06 Nov 2018 16:57:07 +0100},
}

@inproceedings{DBLP:conf/emnlp/LuoLLZ18,
  author    = {Kangqi Luo and
               Fengli Lin and
               Xusheng Luo and
               Kenny Q. Zhu},
  title     = {Knowledge Base Question Answering via Encoding of Complex Query Graphs},
  booktitle = {Proceedings of the 2018 Conference on Empirical Methods in Natural
               Language Processing, Brussels, Belgium, October 31 - November 4, 2018},
  pages     = {2185--2194},
  year      = {2018},
  timestamp = {Tue, 20 Aug 2019 12:00:00 +0200},
}


@inproceedings{DBLP:conf/acl/MinZZH19,
  author    = {Sewon Min and
               Victor Zhong and
               Luke Zettlemoyer and
               Hannaneh Hajishirzi},
  title     = {Multi-hop Reading Comprehension through Question Decomposition and
               Rescoring},
  booktitle = {Proceedings of the 57th Conference of the Association for Computational
               Linguistics, {ACL} 2019, Florence, Italy, July 28- August 2, 2019,
               Volume 1: Long Papers},
  pages     = {6097--6109},
  year      = {2019},
  timestamp = {Mon, 19 Aug 2019 18:08:28 +0200},
}

@article{DBLP:journals/pvldb/ZhengYZC18,
  author    = {Weiguo Zheng and
               Jeffrey Xu Yu and
               Lei Zou and
               Hong Cheng},
  title     = {Question Answering Over Knowledge Graphs: Question Understanding Via
               Template Decomposition},
  journal   = {{PVLDB}},
  volume    = {11},
  number    = {11},
  pages     = {1373--1386},
  year      = {2018},
  timestamp = {Fri, 30 Nov 2018 11:58:40 +0100},
}